<?xml version="1.0" encoding="UTF-8"?><record xmlns="http://www.loc.gov/MARC21/slim" xmlns:cinclude="http://apache.org/cocoon/include/1.0" xmlns:zs="http://www.loc.gov/zing/srw/">
  <leader>00840cz  a2200193n  4500</leader>
  <controlfield tag="001">n  78065412 </controlfield>
  <controlfield tag="003">DLC</controlfield>
  <controlfield tag="005">20130319160135.0</controlfield>
  <controlfield tag="008">780914n| azannaab            a ana      </controlfield>
  <datafield tag="010" ind1=" " ind2=" ">
    <subfield code="a">n  78065412 </subfield>
    <subfield code="z">n  85827547 </subfield>
  </datafield>
  <datafield tag="035" ind1=" " ind2=" ">
    <subfield code="a">(OCoLC)oca00200981</subfield>
  </datafield>
  <datafield tag="040" ind1=" " ind2=" ">
    <subfield code="a">DLC</subfield>
    <subfield code="b">eng</subfield>
    <subfield code="e">rda</subfield>
    <subfield code="c">DLC</subfield>
    <subfield code="d">MnHi</subfield>
    <subfield code="d">DLC</subfield>
  </datafield>
  <datafield tag="110" ind1="2" ind2=" ">
    <subfield code="a">AFL-CIO.</subfield>
    <subfield code="b">Public Employee Department</subfield>
  </datafield>
  <datafield tag="410" ind1="2" ind2=" ">
    <subfield code="w">nnea</subfield>
    <subfield code="a">AFL-CIO.</subfield>
    <subfield code="b">Public Employee Dept.</subfield>
  </datafield>
  <datafield tag="410" ind1="2" ind2=" ">
    <subfield code="w">nnaa</subfield>
    <subfield code="a">American Federation of Labor and Congress of Industrial Organizations.</subfield>
    <subfield code="b">Public Employee Dept.</subfield>
  </datafield>
  <datafield tag="410" ind1="2" ind2=" ">
    <subfield code="a">PED</subfield>
  </datafield>
  <datafield tag="510" ind1="2" ind2=" ">
    <subfield code="w">r</subfield>
    <subfield code="i">Hierarchical superior:</subfield>
    <subfield code="a">AFL-CIO</subfield>
  </datafield>
  <datafield tag="670" ind1=" " ind2=" ">
    <subfield code="a">In public service, July 1978 (a.e.)</subfield>
    <subfield code="b">caption t.p. (American Federation of Labor, Congress of Industrial Organizations, Public Employee Department)</subfield>
  </datafield>
  <datafield tag="670" ind1=" " ind2=" ">
    <subfield code="a">Public employees, 1991:</subfield>
    <subfield code="b">t.p. (in imprint: Public Employee Department, AFL-CIO; in logo: PED)</subfield>
  </datafield>
</record>